@article{15318951,
  title = {{MUSCLE: a multiple sequence alignment method with reduced time and space complexity.}},
  date = {2004 Aug 19},
  source = {BMC Bioinformatics},
  authors = {Edgar, RC},
  author = {Edgar, RC},
  year = {2004},
  month = {Aug},
  journal = {BMC Bioinformatics},
  volume = {5},
  number = {},
  pages = {113},
  pubmed_id = {15318951},
}


@article{18563158,
  title = {{The amphioxus genome and the evolution of the chordate karyotype.}},
  date = {2008 Jun 19},
  source = {Nature},
  authors = {Putnam, NH and Butts, T and Ferrier, DE and Furlong, RF and Hellsten, U and Kawashima, T and Robinson-Rechavi, M and Shoguchi, E and Terry, A and Yu, JK and Benito-Gutiérrez, EL and Dubchak, I and Garcia-Fernàndez, J and Gibson-Brown, JJ and Grigoriev, IV and Horton, AC and de, Jong PJ and Jurka, J and Kapitonov, VV and Kohara, Y and Kuroki, Y and Lindquist, E and Lucas, S and Osoegawa, K and Pennacchio, LA and Salamov, AA and Satou, Y and Sauka-Spengler, T and Schmutz, J and Shin-I, T and Toyoda, A and Bronner-Fraser, M and Fujiyama, A and Holland, LZ and Holland, PW and Satoh, N and Rokhsar, DS},
  author = {Putnam, NH and Butts, T and Ferrier, DE and Furlong, RF and Hellsten, U and Kawashima, T and Robinson-Rechavi, M and Shoguchi, E and Terry, A and Yu, JK and Benito-Gutiérrez, EL and Dubchak, I and Garcia-Fernàndez, J and Gibson-Brown, JJ and Grigoriev, IV and Horton, AC and de, Jong PJ and Jurka, J and Kapitonov, VV and Kohara, Y and Kuroki, Y and Lindquist, E and Lucas, S and Osoegawa, K and Pennacchio, LA and Salamov, AA and Satou, Y and Sauka-Spengler, T and Schmutz, J and Shin-I, T and Toyoda, A and Bronner-Fraser, M and Fujiyama, A and Holland, LZ and Holland, PW and Satoh, N and Rokhsar, DS},
  year = {2008},
  month = {Jun},
  journal = {Nature},
  volume = {453},
  number = {},
  pages = {1064-71},
  pubmed_id = {18563158},
}
